[gd_scene load_steps=8 format=2]

[ext_resource path="res://scenes/LevelEditor.gd" type="Script" id=1]
[ext_resource path="res://tilesets/tileset1.tres" type="TileSet" id=2]
[ext_resource path="res://objects/level_editor/ItemSelector.tscn" type="PackedScene" id=3]
[ext_resource path="res://objects/level_editor/Geometry.gd" type="Script" id=4]
[ext_resource path="res://fonts/paragraph_bold.tres" type="DynamicFont" id=5]

[sub_resource type="InputEventAction" id=1]
action = "editor_play"

[sub_resource type="ShortCut" id=2]
shortcut = SubResource( 1 )

[node name="LevelEditor" type="Control"]
anchor_right = 1.0
anchor_bottom = 1.0
script = ExtResource( 1 )
__meta__ = {
"_edit_use_anchors_": false
}

[node name="ColorRect" type="ColorRect" parent="."]
show_behind_parent = true
anchor_right = 1.0
anchor_bottom = 1.0
color = Color( 0.1634, 0.164287, 0.19, 1 )
__meta__ = {
"_edit_use_anchors_": false
}

[node name="Geometry" type="TileMap" parent="."]
show_behind_parent = true
position = Vector2( 303, 167 )
tile_set = ExtResource( 2 )
cell_size = Vector2( 16, 16 )
format = 1
script = ExtResource( 4 )

[node name="ItemSelector" parent="." instance=ExtResource( 3 )]
anchor_top = 1.0
anchor_right = 0.0
margin_left = 16.0
margin_top = -41.9999
margin_right = 16.0
margin_bottom = -41.9999

[node name="Label_ItemHints" type="Label" parent="."]
margin_left = 320.0
margin_top = 676.0
margin_right = 489.0
margin_bottom = 711.0
custom_fonts/font = ExtResource( 5 )
custom_colors/font_color_shadow = Color( 0, 0, 0, 1 )
custom_constants/shadow_offset_x = 1
custom_constants/shadow_offset_y = 1
__meta__ = {
"_edit_use_anchors_": false
}

[node name="Panel_Navbar" type="Panel" parent="."]
anchor_right = 1.0
margin_bottom = 32.0
rect_min_size = Vector2( 0, 32 )
__meta__ = {
"_edit_use_anchors_": false
}

[node name="HBox" type="HBoxContainer" parent="Panel_Navbar"]
anchor_right = 1.0
anchor_bottom = 1.0
margin_left = 8.0
margin_top = 4.0
margin_right = -8.0
margin_bottom = -4.0
custom_constants/separation = 8
__meta__ = {
"_edit_use_anchors_": false
}

[node name="MenuButton_File" type="MenuButton" parent="Panel_Navbar/HBox"]
margin_right = 35.0
margin_bottom = 24.0
text = "File"
items = [ "New", null, 0, false, false, 0, 0, null, "", false, "Open...", null, 0, false, false, 1, 0, null, "", false, "Save...", null, 0, false, false, 2, 0, null, "", false ]

[node name="MenuButton_Options" type="MenuButton" parent="Panel_Navbar/HBox"]
margin_left = 43.0
margin_right = 106.0
margin_bottom = 24.0
text = "Options"
items = [ "Mirror H", null, 1, false, false, 10, 0, null, "", false, "Mirror V", null, 1, false, false, 11, 0, null, "", false, "Level Properties", null, 0, false, false, 2, 0, null, "", true, "Goal Hidden by Orbs", null, 1, false, false, 12, 0, null, "", false ]

[node name="Button_Playtest" type="Button" parent="Panel_Navbar/HBox"]
margin_left = 114.0
margin_right = 177.0
margin_bottom = 24.0
shortcut = SubResource( 2 )
text = "Playtest"
flat = true

[node name="Button_Help" type="Button" parent="Panel_Navbar/HBox"]
margin_left = 185.0
margin_right = 227.0
margin_bottom = 24.0
text = "Help"
flat = true

[node name="FileDialog_Save" type="FileDialog" parent="."]
anchor_left = 0.5
anchor_top = 0.5
anchor_right = 0.5
anchor_bottom = 0.5
margin_left = -400.0
margin_top = -200.0
margin_right = 400.0
margin_bottom = 200.0
rect_min_size = Vector2( 800, 400 )
popup_exclusive = true
window_title = "Save Level"
access = 2
filters = PoolStringArray( "*.hcl ; Hijinx Christmas Level files" )
current_dir = "/Flyfiles/2020/Projects/Games/hijinx-christmas/game"
current_path = "/Flyfiles/2020/Projects/Games/hijinx-christmas/game/"

[node name="FileDialog_Load" type="FileDialog" parent="."]
anchor_left = 0.5
anchor_top = 0.5
anchor_right = 0.5
anchor_bottom = 0.5
margin_left = -400.0
margin_top = -200.0
margin_right = 400.0
margin_bottom = 200.0
rect_min_size = Vector2( 800, 400 )
popup_exclusive = true
window_title = "Open a File"
mode = 0
access = 2
filters = PoolStringArray( "*.hcl ; Hijinx Christmas Level files" )
current_dir = "/Flyfiles/2020/Projects/Games/hijinx-christmas/game"
current_path = "/Flyfiles/2020/Projects/Games/hijinx-christmas/game/"
[connection signal="pressed" from="Panel_Navbar/HBox/Button_Playtest" to="." method="_on_Button_Playtest_pressed"]
[connection signal="about_to_show" from="FileDialog_Save" to="." method="_popup_about_to_show"]
[connection signal="file_selected" from="FileDialog_Save" to="." method="_on_FileDialog_Save_file_selected"]
[connection signal="popup_hide" from="FileDialog_Save" to="." method="_popup_hide"]
[connection signal="about_to_show" from="FileDialog_Load" to="." method="_popup_about_to_show"]
[connection signal="file_selected" from="FileDialog_Load" to="." method="_on_FileDialog_Load_file_selected"]
[connection signal="popup_hide" from="FileDialog_Load" to="." method="_popup_hide"]
